% Encoding: UTF-8

@Article{Pikovsky1997,
  author    = {Arkady S. Pikovsky and Jürgen Kurths},
  title     = {Coherence Resonance in a Noise-Driven Excitable System},
  journal   = {Physical Review Letters},
  year      = {1997},
  volume    = {78},
  number    = {5},
  month     = {feb},
  pages     = {775--778},
  doi       = {10.1103/physrevlett.78.775},
  publisher = {American Physical Society ({APS})},
}

@Article{Masoliver2017,
  author    = {Maria Masoliver and Nishant Malik and Eckehard Schöll and Anna Zakharova},
  title     = {Coherence resonance in a network of {FitzHugh}-Nagumo systems: Interplay of noise, time-delay, and topology},
  journal   = {Chaos: An Interdisciplinary Journal of Nonlinear Science},
  year      = {2017},
  volume    = {27},
  number    = {10},
  month     = {oct},
  pages     = {101--102},
  doi       = {10.1063/1.5003237},
  publisher = {{AIP} Publishing},
}

@Article{Semenova2018,
  author    = {Nadezhda Semenova and Anna Zakharova},
  title     = {Weak multiplexing induces coherence resonance},
  journal   = {Chaos: An Interdisciplinary Journal of Nonlinear Science},
  year      = {2018},
  volume    = {28},
  number    = {5},
  month     = {may},
  pages     = {051104},
  doi       = {10.1063/1.5037584},
  publisher = {{AIP} Publishing},
}

@Article{Zhou2001,
  author    = {Changsong Zhou and Jürgen Kurths and Bambi Hu},
  title     = {Array-Enhanced Coherence Resonance: Nontrivial Effects of Heterogeneity and Spatial Independence of Noise},
  journal   = {Physical Review Letters},
  year      = {2001},
  volume    = {87},
  number    = {9},
  month     = {aug},
  doi       = {10.1103/physrevlett.87.098101},
  publisher = {American Physical Society ({APS})},
}


@Article{FitzHugh1961,
  author = {R. FitzHugh},
  journal = {Biophys. J.},
  year = {1961},
  volume = {1},
  pages = {445},
}

@Article{Nagumo1962,
  author = {J. Nagumo and S. Arimoto and S.Yoshizawa},
  journal = {Proc. IRL},
  year = {1962},
  volume = {50},
  pages = {2061},
}

@Article{Lienard1928,
  author = {A. Liénard},
  title = {Etude des oscillations entretenues},
  journal = {Revue générale de l'électricité},
  year = {1928},
  volume = {23},
  pages = {901--912 and 946--954},
}